
@book{ghosal2017fundamentals,
	author = {Ghosal, Subhashis and Van der Vaart, Aad},
	date-added = {2019-01-10 09:32:34 +0100},
	date-modified = {2019-01-10 09:32:34 +0100},
	publisher = {Cambridge University Press},
	title = {Fundamentals of nonparametric Bayesian inference},
	volume = {44},
	year = {2017}}

